% LTeX: enabled=false
@misc{OpenStreetMap,
   author = {{OpenStreetMap contributors}},
   title = {{Planet dump retrieved from https://planet.osm.org }},
   howpublished = "\url{ https://www.openstreetmap.org }",
   year = {2017},
}

@article{4653466,
  author={Haklay, Mordechai and Weber, Patrick},
  journal={IEEE Pervasive Computing}, 
  title={{OpenStreetMap}: User-Generated Street Maps}, 
  year={2008},
  volume={7},
  number={4},
  pages={12-18},
  doi={10.1109/MPRV.2008.80}
}

@article{CHAPMAN2007354,
title = {Transport and climate change: a review},
journal = {Journal of Transport Geography},
volume = {15},
number = {5},
pages = {354-367},
year = {2007},
issn = {0966-6923},
doi = {https://doi.org/10.1016/j.jtrangeo.2006.11.008},
url = {https://www.sciencedirect.com/science/article/pii/S0966692306001207},
author = {Lee Chapman},
keywords = {Transport, Climate change, Behavioral change, Technological change, Aviation, Freight, Car ownership, Alternative fuels},
}

@misc{Sloman2009, 
title={Analysis and synthesis of evidence on the effects of investment in six Cycling Demonstration Towns}, 
url={http://transportforqualityoflife.com/u/files/Analysis\%20and\%20Synthesis\%20Nov\%202009.pdf}, 
howpublished={Report for Department for Transport and Cycling England}, 
author={Sloman, L and Cavill, N and Cope, A and Muller, L and Kennedy, A}, 
year={2009}
} 

@ARTICLE{9119753,
  author={Vargas-Munoz, John E. and Srivastava, Shivangi and Tuia, Devis and Falcão, Alexandre X.},
  journal={IEEE Geoscience and Remote Sensing Magazine}, 
  title={{OpenStreetMap}: Challenges and Opportunities in Machine Learning and Remote Sensing}, 
  year={2021},
  volume={9},
  number={1},
  pages={184-199},
  doi={10.1109/MGRS.2020.2994107}
}

@article{doi:10.1080/15568318.2018.1519746,
author = {Colin Ferster and Jaimy Fischer and Kevin Manaugh and Trisalyn Nelson and Meghan Winters},
title = {Using OpenStreetMap to inventory bicycle infrastructure: A comparison with open data from cities},
journal = {International Journal of Sustainable Transportation},
volume = {14},
number = {1},
pages = {64-73},
year  = {2020},
publisher = {Taylor & Francis},
doi = {10.1080/15568318.2018.1519746},
URL = {https://doi.org/10.1080/15568318.2018.1519746},
}

@book{citeulike:395714,
  author = {Diestel, Reinhard},
  biburl = {https://www.bibsonomy.org/bibtex/28e6027f87536254e3d0cadc76403c9b5/msn},
  citeulike-article-id = {395714},
  howpublished = {Hardcover},
  interhash = {befccfe79e0a9160bc47635a92c96b68},
  intrahash = {8e6027f87536254e3d0cadc76403c9b5},
  isbn = {3540261826},
  keywords = {info.refs.books research.conceptual.graphs science.math},
  month = {August},
  priority = {2},
  publisher = {Springer},
  timestamp = {2007-04-02T13:41:45.000+0200},
  title = {Graph Theory (Graduate Texts in Mathematics)},
  url = {http://www.amazon.ca/exec/obidos/redirect?tag=citeulike04-20{\&}path=ASIN/3540261826},
  year = 2005
}

@article{DBLP:journals/corr/abs-2008-10915,
  author       = {Di Weng and
                  Chengbo Zheng and
                  Zikun Deng and
                  Mingze Ma and
                  Jie Bao and
                  Yu Zheng and
                  Mingliang Xu and
                  Yingcai Wu},
  title        = {Towards Better Bus Networks: {A} Visual Analytics Approach},
  journal      = {CoRR},
  volume       = {abs/2008.10915},
  year         = {2020},
  url          = {https://arxiv.org/abs/2008.10915},
  eprinttype    = {arXiv},
  eprint       = {2008.10915},
  timestamp    = {Wed, 03 Feb 2021 15:07:58 +0100},
  biburl       = {https://dblp.org/rec/journals/corr/abs-2008-10915.bib},
  bibsource    = {dblp computer science bibliography, https://dblp.org}
}

@article{fitina,
author = {Lakoa Fitina and John Imbal and Vanessa Uiari and Nathaline Murki and Elizabeth Goodyear},
title = {An Application of Minimum Spanning Trees to
Travel Planning},
journal = {Contemporary PNG Studies: DWU Research Journal},
volume = {12},
year  = {2010},
URL = {https://junctiv.com/wp-content/uploads/2020/07/2010-V12-1_Fitina_et_al_spanning_trees_for_travel_planning.pdf},
}

@article{dijkstra1959note,
  title={A note on two problems in connexion with graphs},
  author={Dijkstra, Edsger W},
  journal={Numerische mathematik},
  volume={1},
  number={1},
  pages={269--271},
  year={1959},
  publisher={Springer}
}

@misc{ethan2019,
  title = {9 things to know about {Google's} maps data: Beyond the Map},
  author = {Ethan Russell},
  howpublished = {\url{https://cloud.google.com/blog/products/maps-platform/9-things-know-about-googles-maps-data-beyond-map}},
  year = 2019,
  note = {Accessed: 2023-06-07}
}

@misc{yamagami2018,
  title = {{Google Maps} learns 39 new languages},
  author = {Atsuko Yamagami},
  howpublished = {\url{https://blog.google/products/maps/google-maps-learns-39-new-languages/}},
  year = 2018,
  note = {Accessed: 2023-06-07}
}

@misc{gupta2023,
  title = {New ways we tackle fake contributions on {Google Maps}},
  author = {Ashish Gupta},
  howpublished = {\url{https://blog.google/products/maps/google-maps-fake-contributions-ai-machine-learning/}},
  year = 2023,
  note = {Accessed: 2023-06-07}
}

@misc{abba2022,
  title = {Dijkstra's Algorithm – Explained with a Pseudocode Example},
  author = {Ihechikara Vincent Abba},
  howpublished = {\url{https://www.freecodecamp.org/news/dijkstras-algorithm-explained-with-a-pseudocode-example/}},
  year = 2022,
  note = {Accessed: 2023-06-07}
}

@inbook{Pettie2008,
author="Pettie, Seth",
title="Minimum Spanning Trees",
bookTitle="Encyclopedia of Algorithms",
year="2008",
publisher="Springer US",
address="Boston, MA",
pages="541--544",
isbn="978-0-387-30162-4",
doi="10.1007/978-0-387-30162-4_239",
url="https://doi.org/10.1007/978-0-387-30162-4_239"
}

@article{wang2018,
author = {Wang, Wen-Ching and Hsieh, Ming-Che},
year = {2018},
month = {01},
pages = {417-431},
title = {Applying {Prim}’s Algorithm to Identify Isolated Areas for Natural Disaster Prevention and Protection},
volume = {10},
journal = {Engineering},
doi = {10.4236/eng.2018.107029}
}

@article{iqbal2017,
author = {Iqbal, Muhammad and Siahaan, Andysah Putera Utama and Elizabeth, Nathania and Purwanto, Dedi},
year = {2017},
month = {08},
pages = {504-509},
title = {Prim's Algorithm for Optimizing Fiber Optic Trajectory Planning},
volume = {3},
journal = {International Journal of Scientific Research in Science and Technology}
}

@article{derrible2011,
author = {Sybil Derrible and Christopher Kennedy},
title = {Applications of Graph Theory and Network Science to Transit Network Design},
journal = {Transport Reviews},
volume = {31},
number = {4},
pages = {495-519},
year  = {2011},
publisher = {Routledge},
doi = {10.1080/01441647.2010.543709},
url = {https://doi.org/10.1080/01441647.2010.543709}
}

@article{erath2009,
author={Erath, Alexander
and L{\"o}chl, Michael
and Axhausen, Kay W.},
title={Graph-Theoretical Analysis of the Swiss Road and Railway Networks Over Time},
journal={Networks and Spatial Economics},
year={2009},
month={Sep},
day={01},
volume={9},
number={3},
pages={379-400},
issn={1572-9427},
doi={10.1007/s11067-008-9074-7},
url={https://doi.org/10.1007/s11067-008-9074-7}
}

@article{zarghami2020,
author = {Zarghami, Seyed Ashkan and Gunawan, Indra and Schultmann, Frank},
title = {Exact reliability evaluation of infrastructure networks using graph theory},
journal = {Quality and Reliability Engineering International},
volume = {36},
number = {2},
pages = {498-510},
keywords = {graph theory, infrastructure networks, reliability, reliability block diagram, spanning tree},
doi = {https://doi.org/10.1002/qre.2574},
url = {https://onlinelibrary.wiley.com/doi/abs/10.1002/qre.2574},
eprint = {https://onlinelibrary.wiley.com/doi/pdf/10.1002/qre.2574},
year = {2020}
}

@misc{WikipediaEN:MST,
    author = {{Wikipedia, the free encyclopedia}},
    title = {Minimum spanning tree},
    year = {2005},
    note = {Accessed: 2023-06-13},
    url = {https://en.wikipedia.org/wiki/Minimum_spanning_tree#/media/File:Minimum_spanning_tree.svg}
}

@misc{WikipediaEN:Connectivity,
    author = {{Wikipedia, the free encyclopedia}},
    title = {4-connected graph},
    year = {2018},
    note = {Accessed: 2023-06-13},
    url = {https://en.wikipedia.org/wiki/K-vertex-connected_graph#/media/File:4-connected_graph.svg}
}

@misc{odbl,
  author = {Open Knowledge Foundation},
  title = {{Open Data Commons Open Database License (ODbL)}},
  howpublished = {\url{https://opendatacommons.org/licenses/odbl/}},
  note = {Accessed: 2023-06-13}
}

 @misc{cycleOSM,
   author = "OpenStreetMap Wiki",
   title = "CyclOSM --- OpenStreetMap Wiki{,} ",
   year = "2022",
   url = "\url{https://wiki.openstreetmap.org/w/index.php?title=CyclOSM&oldid=2289342}",
   note = {Accessed: 2023-07-07}
 }

@article{Hunter:2007,
  Author    = {Hunter, J. D.},
  Title     = {Matplotlib: A 2D graphics environment},
  Journal   = {Computing in Science \& Engineering},
  Volume    = {9},
  Number    = {3},
  Pages     = {90--95},
  abstract  = {Matplotlib is a 2D graphics package used for Python for
  application development, interactive scripting, and publication-quality
  image generation across user interfaces and operating systems.},
  publisher = {IEEE COMPUTER SOC},
  doi       = {10.1109/MCSE.2007.55},
  year      = 2007
}

@InProceedings{SciPyProceedings_11,
  author =       {Aric A. Hagberg and Daniel A. Schult and Pieter J. Swart},
  title =        {Exploring Network Structure, Dynamics, and Function using NetworkX},
  booktitle =   {Proceedings of the 7th Python in Science Conference},
  pages =     {11 - 15},
  address = {Pasadena, CA USA},
  year =      {2008},
  editor =    {Ga\"el Varoquaux and Travis Vaught and Jarrod Millman},
}

@book{buckley1990distance,
  title={Distance In Graphs},
  author={Buckley, F. and Harary, F.},
  isbn={9780201095913},
  lccn={89000245},
  series={And Computer Engineering: Control},
  url={https://books.google.co.uk/books?id=Qu\_uAAAAMAAJ},
  year={1990},
  publisher={Basic Books}
}

@misc{wiki:overpass,
  author = "OpenStreetMap Wiki",
  title = "Overpass API --- OpenStreetMap Wiki{,} ",
  year = "2023",
  url = "\url{https://wiki.openstreetmap.org/w/index.php?title=Overpass_API&oldid=2552494}",
  note = {Accessed: 2023-07-10}
}

 @misc{wiki:maxspeed,
   author = "OpenStreetMap Wiki",
   title = "Key:maxspeed --- OpenStreetMap Wiki{,} ",
   year = "2023",
   url = "\url{https://wiki.openstreetmap.org/w/index.php?title=Key:maxspeed&oldid=2582462}",
   note = {Accessed: 2023-07-10}
 }

@article{igraph,
author = {Csardi, Gabor and Nepusz, Tamas},
year = {2005},
month = {11},
pages = {1695},
title = {The Igraph Software Package for Complex Network Research},
volume = {Complex Systems},
journal = {InterJournal}
}

@misc{cairo,
  key = {Cairo},
  title = {Cairo},
  howpublished = {\url{https://www.cairographics.org/}},
  note = {Accessed: 2023-07-27}
}

@misc{wiki:overpassql,
   author = "OpenStreetMap Wiki",
   title = "Overpass API/Overpass QL --- OpenStreetMap Wiki{,} ",
   year = "2023",
   url = "\url{https://wiki.openstreetmap.org/w/index.php?title=Overpass_API/Overpass_QL&oldid=2568570}",
   note = {Accessed: 2023-07-27}
 }

@misc{overpy,
  key = {overpy},
  title = "{Welcome to Python Overpass API's documentation!}",
  howpublished = {\url{https://python-overpy.readthedocs.io/en/latest/index.html}},
  note = {Accessed: 2023-07-31}
}

@book{chartrand,
  author    = "Gary Chartrand and Ping Zhang",
  title     = "{A First Course in Graph Theory}",
  publisher = "Dover Publications Inc.",
  year      = 2012
}

@misc{WikipediaEN:fanoplane,
    author = {{Wikipedia, the free encyclopedia}},
    title = {A nimber numbering of the Fano plane},
    year = {2011},
    note = {Accessed: 2023-07-31},
    url = {https://en.wikipedia.org/wiki/Fano_plane#/media/File:Fano_plane_nimbers.svg}
}

@misc{geopy,
  author = {geopy contributors},
  title = "{Welcome to GeoPy's documentation!}",
  howpublished = {\url{https://geopy.readthedocs.io/en/stable/#module-geopy.distance}},
  note = {Accessed: 2023-08-01}
}

@misc{WikipediaEN:dijkstra,
    author = {{Wikipedia, the free encyclopedia}},
    title = {Dijkstra's algorithm},
    note = {Accessed: 2023-08-01},
    url = {https://en.wikipedia.org/wiki/Dijkstra%27s_algorithm}
}

@misc{coverage,
  key = {coverage},
  title = "{Coverage.py}",
  howpublished = {\url{https://coverage.readthedocs.io/en/7.2.7/}},
  note = {Accessed: 2023-08-05}
}

@misc{unittest,
  key = {unittest},
  title = "{unittest — Unit testing framework}",
  howpublished = {\url{https://docs.python.org/3/library/unittest.html#module-unittest}},
  note = {Accessed: 2023-08-05}
}

@misc{unittest:mock,
  key = {mock},
  title = "{unittest.mock — mock object library}",
  howpublished = {\url{https://docs.python.org/3/library/unittest.mock.html}},
  note = {Accessed: 2023-08-05}
}

@misc{robertson:dundee,
  author = {Aileen Robertson},
  title = "Dundee cycle routes: Our maps show proposed links between city communities",
  howpublished = {\url{https://www.thecourier.co.uk/fp/business-environment/transport/3936685/dundee-cycle-routes-our-maps-show-proposed-links-between-city-communities/}},
  note = {Accessed: 2023-08-07}
}

@article{BEINEKE200231,
title = {The average connectivity of a graph},
journal = {Discrete Mathematics},
volume = {252},
number = {1},
pages = {31-45},
year = {2002},
issn = {0012-365X},
doi = {https://doi.org/10.1016/S0012-365X(01)00180-7},
url = {https://www.sciencedirect.com/science/article/pii/S0012365X01001807},
author = {Lowell W. Beineke and Ortrud R. Oellermann and Raymond E. Pippert},
keywords = {Connectivity, Average}
}

@book{brandes2005,
  title     = "Network Analysis",
  editor    = "Ulrik Brandes and Thomas Erlebach",
  year      = 2005,
  publisher = "Springer Berlin, Heidelberg",
  url       = "https://link.springer.com/book/10.1007/b106453",
  doi       = "https://doi.org/10.1007/b106453"
}